@misc{dbg-jdk-blog,
  author       = {Alexey Pirogov},
  url          = {https://medium.com/@pirogov.alexey/gdb-debug-native-part-of-java-application-c-c-libraries-and-jdk-6593af3b4f3f},
  title        = {https://medium.com/@pirogov.alexey/gdb-debug-native-part-of-java-application-c-c-libraries-and-jdk-6593af3b4f3f},
  howpublished = {},
  year         = {}
}

@misc{OpenJDK,
  author       = {OpenJDK},
  title        = {http://hg.openjdk.java.net/jdk/jdk11/raw-file/tip/doc/building.html},
  howpublished = {},
  year         = {},
  url          = {http://hg.openjdk.java.net/jdk/jdk11/raw-file/tip/doc/building.html}
}